<record><leader>00000cas a22000007a 4500</leader><controlfield tag="001">29435366</controlfield><controlfield tag="008">931206d193219uunyudn ne      0    0pol d</controlfield><datafield ind1=" " ind2=" " tag="010"><subfield code="a">sn 93054138 </subfield></datafield><datafield ind1=" " ind2=" " tag="040"><subfield code="a">CNW</subfield><subfield code="b">eng</subfield><subfield code="c">CNW</subfield><subfield code="d">CRL</subfield><subfield code="d">OCLCQ</subfield><subfield code="d">PHA</subfield><subfield code="d">OCLCQ</subfield><subfield code="d">OCLCF</subfield></datafield><datafield ind1="1" ind2=" " tag="029"><subfield code="a">AU@</subfield><subfield code="b">000025908777</subfield></datafield><datafield ind1=" " ind2=" " tag="042"><subfield code="a">msc</subfield></datafield><datafield ind1=" " ind2=" " tag="043"><subfield code="a">n-us-pa</subfield></datafield><datafield ind1="0" ind2=" " tag="130"><subfield code="a">Nowy s&#769;wiat (New York, N.Y. : Pennsylvania ed.)</subfield></datafield><datafield ind1="1" ind2="0" tag="245"><subfield code="a">Nowy s&#769;wiat =</subfield><subfield code="b">The Polish morning world.</subfield></datafield><datafield ind1="1" ind2=" " tag="246"><subfield code="i">Some issues have title:</subfield><subfield code="a">Pennsylvania nowy s&#769;wiat</subfield></datafield><datafield ind1="3" ind2="1" tag="246"><subfield code="a">Polish morning world</subfield></datafield><datafield ind1=" " ind2=" " tag="250"><subfield code="a">Pennsylvania ed.</subfield></datafield><datafield ind1=" " ind2=" " tag="260"><subfield code="a">New York, N.Y. :</subfield><subfield code="b">Nowy S&#769;wiat Pub. Co.,</subfield><subfield code="c">[1932]-</subfield></datafield><datafield ind1=" " ind2=" " tag="300"><subfield code="a">v. :</subfield><subfield code="b">ill. ;</subfield><subfield code="c">58 cm.</subfield></datafield><datafield ind1=" " ind2=" " tag="310"><subfield code="a">Daily</subfield></datafield><datafield ind1="0" ind2=" " tag="362"><subfield code="a">R. 35, no. 40 (Feb. 9, 1932)-</subfield></datafield><datafield ind1=" " ind2=" " tag="500"><subfield code="a">Published simultaneously in New York, Wilkes-Barre, Philadelphia and Scranton.</subfield></datafield><datafield ind1=" " ind2=" " tag="500"><subfield code="a">Some issues have title: Pennsylvania nowy s&#769;wiat.</subfield></datafield><datafield ind1=" " ind2=" " tag="515"><subfield code="a">Preceded by unnumbered issue dated Feb. 2, 1932.</subfield></datafield><datafield ind1=" " ind2=" " tag="530"><subfield code="a">Available on microfilm from Center for Research Libraries.</subfield></datafield><datafield ind1=" " ind2=" " tag="580"><subfield code="a">Published in various regional eds. and national ed.</subfield></datafield><datafield ind1=" " ind2=" " tag="588"><subfield code="a">Latest issue consulted: R. 52, no. 180 (30 czerw. 1949).</subfield></datafield><datafield ind1=" " ind2="0" tag="650"><subfield code="a">Polish people</subfield><subfield code="z">Pennsylvania</subfield><subfield code="v">Newspapers.</subfield></datafield><datafield ind1=" " ind2="0" tag="650"><subfield code="a">Polish Americans</subfield><subfield code="z">Pennsylvania</subfield><subfield code="v">Newspapers.</subfield></datafield><datafield ind1=" " ind2="7" tag="655"><subfield code="a">Newspapers.</subfield><subfield code="2">fast</subfield><subfield code="0">(OCoLC)fst01423814</subfield></datafield><datafield ind1=" " ind2="7" tag="650"><subfield code="a">Polish Americans.</subfield><subfield code="2">fast</subfield><subfield code="0">(OCoLC)fst01068870</subfield></datafield><datafield ind1=" " ind2="7" tag="650"><subfield code="a">Polish people.</subfield><subfield code="2">fast</subfield><subfield code="0">(OCoLC)fst01715992</subfield></datafield><datafield ind1=" " ind2="7" tag="651"><subfield code="a">Pennsylvania.</subfield><subfield code="2">fast</subfield><subfield code="0">(OCoLC)fst01204598</subfield></datafield><datafield ind1=" " ind2=" " tag="752"><subfield code="a">United States</subfield><subfield code="b">New York</subfield><subfield code="c">New York</subfield><subfield code="d">New York.</subfield></datafield><datafield ind1=" " ind2=" " tag="752"><subfield code="a">United States</subfield><subfield code="b">Pennsylvania</subfield><subfield code="c">Philadelphia</subfield><subfield code="d">Philadelphia.</subfield></datafield><datafield ind1=" " ind2=" " tag="752"><subfield code="a">United States</subfield><subfield code="b">Pennsylvania</subfield><subfield code="c">Luzerne</subfield><subfield code="d">Wilkes-Barre.</subfield></datafield><datafield ind1=" " ind2=" " tag="752"><subfield code="a">United States</subfield><subfield code="b">Pennsylvania</subfield><subfield code="c">Lackawanna</subfield><subfield code="d">Scranton.</subfield></datafield><datafield ind1="1" ind2=" " tag="775"><subfield code="t">Nowy s&#769;wiat (New York, N.Y. : New York ed.)</subfield><subfield code="w">(DLC)sn 83045237</subfield><subfield code="w">(OCoLC)9366483</subfield></datafield><datafield ind1="1" ind2=" " tag="775"><subfield code="t">Nowy s&#769;wiat (New York, N.Y. : New Jersey ed.)</subfield><subfield code="w">(DLC)sn 88043113</subfield><subfield code="w">(OCoLC)17988624</subfield></datafield><datafield ind1="1" ind2=" " tag="775"><subfield code="t">Nowy s&#769;wiat (New York, N.Y. : Connecticut ed.)</subfield><subfield code="w">(DLC)sn 97021889</subfield><subfield code="w">(OCoLC)38426563</subfield></datafield><datafield ind1="1" ind2=" " tag="775"><subfield code="t">Nowy s&#769;wiat (New York, N.Y. : New England ed.)</subfield><subfield code="w">(DLC)sn 91037337</subfield><subfield code="w">(OCoLC)24279420</subfield></datafield><datafield ind1="1" ind2=" " tag="775"><subfield code="t">Nowy s&#769;wiat (New York, N.Y. : National ed.)</subfield><subfield code="w">(DLC)sn 97021890</subfield><subfield code="w">(OCoLC)38426075</subfield></datafield></record>